@article{sivaraj2024advances,
  title   = {Advances and Challenges in Developing Retrieval-Augmented Generation (RAG) Applications for Healthcare: A Systematic Review},
  author  = {Sivaraj, Vignesh and Shaha, Arijit and Ravichandran, Saranya and Ram, Prag-An and Baddam, Sreemit and Ganesan, Sendhil},
  journal = {arXiv preprint arXiv:2404.01429},
  year    = {2024},
  eprint  = {2404.01429},
  archivePrefix = {arXiv},
  primaryClass = {cs.CL}
}

@article{shi2024og,
  title   = {OG-RAG: Ontology-Grounded Retrieval-Augmented Generation For Large Language Models},
  author  = {Shi, Kai and He, Sijia and Chen, Zhuo and Wang, Wenhao and Zhao, Xiaowang and Xu, Zhipeng and Ma, Zhaochun and An, Junchi and Jiang, Wen},
  journal = {arXiv preprint arXiv:2405.09315},
  year    = {2024},
  eprint  = {2405.09315},
  archivePrefix = {arXiv},
  primaryClass = {cs.AI}
}

@article{zhang2023revisiting,
  title   = {Revisiting Clinical Outcome Prediction for MIMIC-IV},
  author  = {Zhang, Yuzheng and Zhao, He and Zhang, Meng and Wang, Yuhan and Wang, Yutong and Lu, Hao and Chen, Yifei and Zhang, Zhen},
  journal = {arXiv preprint arXiv:2312.01639},
  year    = {2023},
  eprint  = {2312.01639},
  archivePrefix = {arXiv},
  primaryClass = {cs.LG}
}

@inproceedings{suzuki2023jmedroberta,
  title     = "{JMedRoBERTa}: A Japanese Medical {RoBERTa} Language Model",
  author    = {Suzuki, Tomoya and Uehara, Takuya and Morita, Mizuki and Kadowaki, Kengo and Asada, Kento and Nishida, Kosaku and Kitanishi, Taira and Yoshinaga, Naoki and Matsumoto, Yuji},
  booktitle = "Proceedings of the 22nd Workshop on Biomedical Natural Language Processing and BioNLP Shared Tasks",
  year      = "2023",
  address   = "Toronto, Canada",
  publisher = "Association for Computational Linguistics",
  pages     = "25--32",
  doi       = "10.18653/v1/2023.bionlp-1.3",
  url       = "https://aclanthology.org/2023.bionlp-1.3"
}

@article{es2023ragas,
  title   = {RAGAS: Automated Evaluation of Retrieval Augmented Generation},
  author  = {Es, Jithin and Varma, Vinu Sankar S and M, Joel and Harris, Sumanth and Li, Shahul},
  journal = {arXiv preprint arXiv:2309.15217},
  year    = {2023},
  eprint  = {2309.15217},
  archivePrefix = {arXiv},
  primaryClass = {cs.CL}
}

@article{gao2024retrieval,
  title   = {Retrieval-Augmented Generation for Large Language Models: A Survey},
  author  = {Gao, Yunfan and Xiong, Yun and Gao, Xinyu and Jia, Kangxiang and Pan, Jinliu and Bi, Yuxi and Dai, Yi and Sun, Jiawei and Wang, Meng and Han, Haofen},
  journal = {arXiv preprint arXiv:2312.10997},
  year    = {2024},
  eprint  = {2312.10997},
  archivePrefix = {arXiv},
  primaryClass = {cs.CL}
}